@article{multiplayer,
      author = "Richard E. Korf",
      title = "Multi-player alpha-beta pruning",
      note = "Artificial Intelligence 48 (1991) 99--111",
      year = "1990"
}

@article{alphago,
      author = "Silver, D., Schrittwieser, J., Simonyan, K. et al.",
      title = "Mastering the game of Go without human knowledge",
      note = "Nature 550, 354â€“359",
      year = "2017"
}
